@string{ijpe="Int. J. Prod. Econ."}
@string{prhl_ec="Prentice-Hall, Inc., Englewood Cliffs, NJ"}
@string{jwc="John Wiley \& Sons, Ltd, Chichester"}

@Book{kmm07,
  author =	 {K. M. Moudgalya},
  title = 	 {Digital Control},
  publisher = 	 jwc,
  year = 	 2007
}

@Book{tk80,
  author =	 {T. Kailath},
  title = 	 {Linear Systems},
  publisher = 	 prhl_ec,
  year = 	 1980
}

@Book{vk79,
  author =	 {V. Kucera},
  title = 	 {Discrete Linear Control: The Polynomial Equations
                  Approach},
  publisher = 	 jwc,
  year = 	 1979
}

@Book{mv85,
  author =	 {M. Vidyasagar},
  title = 	 {Control System Synthesis},
  publisher = 	 {MIT Press},
  year = 	 1985,
  address =	 {Cambridge, MA}
}

@TechReport{cp82,
  author = 	 {B-C. Chang and J. B. Pearson},
  title = 	 {Algorithms for the solution of polynomial equations
                  arising in multivariable control theory},
  institution =  {Rice University},
  year = 	 1982,
  number =	 8208,
  address =	 {Dept. of Electrical Engineering}
}

@InProceedings{km06,
  author = 	 {K. M. Moudgalya},
  title = 	 {{Discrete time control.  A first control course?}},
  booktitle =	 {Advances in control education},
  year =	 {21--23 June 2006},
  address =	 {Madrid},
  organization = {IFAC}
}

@InProceedings{ms04,
  author = 	 {K. M. Moudgalya and S. L. Shah},
  title = 	 {A polynomial based first course in digital control},
  booktitle =	 {Proceedings of IEEE CACSD},
  year =	 2004,
  address =	 {Taipei},
  pages =        {190--195},
  month =	 {2-4 Sept.}
}

@InProceedings{mmr03,
  author = 	 {R. K. Majumdar and K. M. Moudgalya and K. Ramamritham},
  title = 	 {Adaptive Coherency Maintenance Techniques for
                  Time-Varying Data},
  booktitle =	 {Proceedings of 24th IEEE RTSS},
  year =	 2003,
  address =      {Cancun},
  pages =        {98-107}
}


@InProceedings{mrbm04,
  author = 	 {R. K. Majumdar and K. Ramamritham and R. N. Banavar
                  and K. M. Moudgalya},
  title = 	 {Disseminating dynamic data with {QoS} guarantee in a
                  wide area network: {A} practical control theoretic
                  approach},
  booktitle =	 {Proceedings of 10th IEEE RTAS},
  year =	 2004,
  pages =        {510-517}
}

@TechReport{kmm96,
  author = 	 {K. M. Moudgalya},
  title = 	 {{Polynomial computations in Matlab}},
  institution =  {IIT Bombay},
  year = 	 1996,
  address =	 {Dept. of Chemical Engineering}
}

@Misc{kmm1-07,
  author = 	 {K. M. Moudgalya},
  note =	 {{\tt http://www.moudgalya.org/dc/}},
  year =         2007
}

@Article{vs06,
  author = 	 {J. Venkateswaran and Y. J. Son},
  title = 	 {Effect of information update frequency on the
                  stability of production -- inventory control
                  systems}, 
  journal = 	 ijpe,
  year = 	 2007,
  volume =       106,
  number =       1,
  pages =        {171-190}
}
